<record><leader>00000cas a22000007a 4500</leader><controlfield tag="001">7793338</controlfield><controlfield tag="008">810925c19189999ctucn ne      0   a0eng d</controlfield><controlfield tag="009">206</controlfield><datafield ind1=" " ind2=" " tag="010"><subfield code="a">sn 86014512 </subfield></datafield><datafield ind1=" " ind2=" " tag="040"><subfield code="a">CZL</subfield><subfield code="b">eng</subfield><subfield code="c">CZL</subfield><subfield code="d">NSD</subfield><subfield code="d">NYS</subfield><subfield code="d">CNW</subfield><subfield code="d">OCL</subfield><subfield code="d">CNW</subfield><subfield code="d">OCLCQ</subfield></datafield><datafield ind1=" " ind2=" " tag="012"><subfield code="m">1</subfield></datafield><datafield ind1="1" ind2=" " tag="022"><subfield code="a">0887-7912</subfield><subfield code="l">0887-7912</subfield><subfield code="2">1</subfield></datafield><datafield ind1="1" ind2=" " tag="029"><subfield code="a">AU@</subfield><subfield code="b">000025823328</subfield></datafield><datafield ind1=" " ind2=" " tag="032"><subfield code="a">494940</subfield><subfield code="b">USPS</subfield></datafield><datafield ind1=" " ind2=" " tag="037"><subfield code="b">Shore Line Newspapers 120 North Fair St., P.O. Box 349, Guilford, Conn. 06437</subfield></datafield><datafield ind1=" " ind2=" " tag="042"><subfield code="a">nsdp</subfield><subfield code="a">msc</subfield></datafield><datafield ind1="0" ind2=" " tag="130"><subfield code="a">Shore line times (Guilford, Conn.)</subfield></datafield><datafield ind1=" " ind2="0" tag="222"><subfield code="a">Shore line times</subfield></datafield><datafield ind1="0" ind2="0" tag="245"><subfield code="a">Shore line times.</subfield></datafield><datafield ind1="3" ind2="0" tag="246"><subfield code="a">Sunday shore line times shoreliner</subfield></datafield><datafield ind1="3" ind2="0" tag="246"><subfield code="a">Weekend shore line times shoreliner</subfield></datafield><datafield ind1=" " ind2=" " tag="260"><subfield code="a">Guilford, Conn. :</subfield><subfield code="b">C.H. Scholey</subfield></datafield><datafield ind1=" " ind2=" " tag="300"><subfield code="a">v.</subfield></datafield><datafield ind1=" " ind2=" " tag="310"><subfield code="a">Semiweekly (except weekly Christmas &amp; New Year's weeks),</subfield><subfield code="b">Mar. 23, 1976-</subfield></datafield><datafield ind1=" " ind2=" " tag="321"><subfield code="a">Weekly,</subfield><subfield code="b">1918-Mar. 16, 1976</subfield></datafield><datafield ind1="0" ind2=" " tag="362"><subfield code="a">Vol. 41, no. 19 (Feb. 14, 1918)-v. 98, no. 22 (May 29, 1975) ; 98th year, no. 23 (June 5, 1975)-</subfield></datafield><datafield ind1=" " ind2=" " tag="500"><subfield code="a">Published a special supplement jointly with the Clinton recorder in celebration of the second Industrial Exhibit sponsored by the Clinton Historical Society, Oct. 14-15, 1954.</subfield></datafield><datafield ind1=" " ind2=" " tag="500"><subfield code="a">Some weekday issues include day of week in masthead, Mar. 30, 1976-198 . Example: Tuesday shore line times.</subfield></datafield><datafield ind1=" " ind2=" " tag="500"><subfield code="a">Published as: Sunday shore line times shoreliner, May 22, 1988-Jan. 1989, and: Weekend shore line times shoreliner, Feb. 1989-</subfield></datafield><datafield ind1=" " ind2=" " tag="500"><subfield code="a">Includes a section called: "Guilford ed.", Aug. 14, 1958-May 15, 1969, and: "Guilford section", May 22, 1969-</subfield></datafield><datafield ind1=" " ind2=" " tag="500"><subfield code="a">Includes a section called: "Madison ed.", Feb. 9, 1961-Mar. 5, 1964, and: "Madison section", Mar. 12, 1964-</subfield></datafield><datafield ind1=" " ind2=" " tag="530"><subfield code="a">Available on microfilm from UMI.</subfield></datafield><datafield ind1=" " ind2="4" tag="651"><subfield code="a">Guilford (Conn.)</subfield><subfield code="v">Newspapers.</subfield></datafield><datafield ind1=" " ind2="4" tag="651"><subfield code="a">Madison (Conn.)</subfield><subfield code="v">Newspapers.</subfield></datafield><datafield ind1=" " ind2="4" tag="651"><subfield code="a">Killingworth (Conn.)</subfield><subfield code="v">Newspapers.</subfield></datafield><datafield ind1=" " ind2="4" tag="651"><subfield code="a">New Haven County (Conn.)</subfield><subfield code="v">Newspapers.</subfield></datafield><datafield ind1=" " ind2=" " tag="752"><subfield code="a">United States</subfield><subfield code="b">Connecticut</subfield><subfield code="c">New Haven</subfield><subfield code="d">Guilford.</subfield></datafield><datafield ind1="0" ind2="0" tag="780"><subfield code="t">Shore line times and county chronicle</subfield><subfield code="w">(DLC)sn 93053688</subfield><subfield code="w">(OCoLC)27301713</subfield></datafield><datafield ind1="1" ind2=" " tag="787"><subfield code="t">Clinton recorder</subfield><subfield code="w">(DLC)sn 85003443</subfield><subfield code="w">(OCoLC)12939054</subfield></datafield></record>